@book{propRobotics,
    author		= {Sebastian Thrun, Wolfram Burgard, Dieter Fox},
    title		= {Probabilistic robotics},
    year		= {2000},
}

@book{feedbackSystem,
	author		= {Karl Johan Åström, Richard M. Murray},
	title		= {Feedback Systems},
	year		= {2009},
}

@online{udacity,
	author		= {Sebastian Thrun},
	title		= {Artifical Intelligence in Robotics},
	year		= {2017},
	url		= {https://www.udacity.com/course/artificial-intelligence-for-robotics--cs373}
}

@online{PIDImage,
	author		= {Ant},
	title		= {PID Tutorial C code Example Pt/1},
	year		= {2014},
	url		= {http://coder-tronics.com/pid-tutorial-c-code-example-pt1/}
}

@online{pointTurn,
	author		= {Carnegie Mellon Robotics Academy},
	title		= {Point Turns vs. Swing Turns},
	year		= {2016},
	url		= {http://www.education.rec.ri.cmu.edu/products/ev3_intermediate/lesson/3-1Encoder2.html}
}

